<?xml version="1.0" encoding="UTF-8"?><collection xmlns="http://www.loc.gov/MARC21/slim"><record><leader>00508nam--2200169-i-4500</leader><controlfield tag="001">000025113</controlfield><controlfield tag="002">20161230</controlfield><controlfield tag="005">20161230201035</controlfield><controlfield tag="008">060222s1000------------r-----000-0-eng-d</controlfield><datafield ind1=" " ind2=" " tag="040"><subfield code="a">IFIN-HH</subfield></datafield><datafield ind1=" " ind2=" " tag="080"><subfield code="a">53.01</subfield></datafield><datafield ind1="1" ind2=" " tag="100"><subfield code="a">Carnap, Rudolf</subfield></datafield><datafield ind1="1" ind2="0" tag="245"><subfield code="a">Philosophical foundations of physics. an introduction to the philosophy of science. edited by martin gardner</subfield><subfield code="c">Rudolf carnap</subfield></datafield><datafield ind1=" " ind2=" " tag="260"><subfield code="a">New York</subfield><subfield code="b">Basic Books, Inc</subfield><subfield code="c">1966</subfield></datafield><datafield ind1=" " ind2=" " tag="300"><subfield code="a">X + 300 P</subfield></datafield><datafield ind1=" " ind2=" " tag="852"><subfield code="a">25017</subfield><subfield code="c">53.01</subfield></datafield><datafield ind1=" " ind2=" " tag="CAT"><subfield code="a">Sys</subfield><subfield code="c">20151013</subfield><subfield code="h">134111</subfield></datafield></record></collection>